
@article{Zadeh1965,
  author = {Zadeh, L. A.},
  title = {Fuzzy sets},
  journal = {Information and Control},
  year = {1965},
  volume = {8},
  number = {3},
  pages = {338--353},
}

@article{Mamdani1975,
  author = {Mamdani, E. H. and Assilian, S.},
  title = {An experiment in linguistic synthesis with a fuzzy logic controller},
  journal = {International Journal of Man-Machine Studies},
  year = {1975},
  volume = {7},
  number = {1},
  pages = {1--13},
}
